<?xml version="1.0" encoding="UTF-8"?><collection xmlns="http://www.loc.gov/MARC21/slim"><record><leader>00494nam--2200181-i-4500</leader><controlfield tag="001">000018215</controlfield><controlfield tag="002">20161230</controlfield><controlfield tag="005">20161230201032</controlfield><controlfield tag="008">060222s1000------------r-----000-0-eng-d</controlfield><datafield ind1=" " ind2=" " tag="040"><subfield code="a">IFIN-HH</subfield></datafield><datafield ind1=" " ind2=" " tag="080"><subfield code="a">530.145</subfield></datafield><datafield ind1="1" ind2=" " tag="100"><subfield code="a">Edmonds, A.R</subfield></datafield><datafield ind1="1" ind2="0" tag="245"><subfield code="a">Angular momentum in quantum mechanics</subfield><subfield code="c">A.r. edmonds</subfield></datafield><datafield ind1=" " ind2=" " tag="260"><subfield code="a">New Jersey</subfield><subfield code="b">Princeton University Press</subfield><subfield code="c">1957</subfield></datafield><datafield ind1=" " ind2=" " tag="300"><subfield code="a">VIII + 146 P</subfield></datafield><datafield ind1=" " ind2=" " tag="490"><subfield code="a">Investigations In Physics</subfield></datafield><datafield ind1=" " ind2=" " tag="852"><subfield code="a">13639</subfield><subfield code="c">530.14</subfield></datafield><datafield ind1=" " ind2=" " tag="CAT"><subfield code="a">Sys</subfield><subfield code="c">20140318</subfield><subfield code="h">165707</subfield></datafield></record></collection>